@Article{exterminate,
  author = 	 {Dawson R. Engler and M. Frans Kaashoek},
  title = 	 {Exterminate All Operating System Abstractions},
  journal = 	 {HotOS},
  year = 	 {1995},
  OPTkey = 	 {},
  OPTvolume = 	 {},
  OPTnumber = 	 {},
  OPTpages = 	 {},
  OPTmonth = 	 {},
  OPTnote = 	 {},
  OPTannote = 	 {}
}

@Article{perl,
  author = 	 {Lincoln Stein},
  title = 	 {How {P}erl Saved the {H}uman {G}enome {P}roject},
  journal = 	 {Dr Dobb's Journal},
  year = 	 {2001},
  OPTkey = 	 {},
  OPTvolume = 	 {},
  OPTnumber = 	 {},
  OPTpages = 	 {},
  month = 	 {July},
  OPTnote = 	 {},
  OPTannote = 	 {}
}

@Article{excel,
  author = 	 {B Zeeberg and J Riss and D Kane D and K Bussey and E Uchio and W Linehan and J Barret and J Weinstein},
  title = 	 {Mistaken identifiers: Gene name errors can be introduced inadvertently when using {E}xcel in bioinformatics},
  journal = 	 {BMC Bioinformatics},
  year = 	 {2004},
  OPTkey = 	 {},
  OPTvolume = 	 {},
  OPTnumber = 	 {},
  OPTpages = 	 {},
  OPTmonth = 	 {},
  OPTnote = 	 {},
  OPTannote = 	 {}
}


@Article{batoryPhysical,
  author = 	 {D. S. Batory and C. C. Gotlieb},
  title = 	 {A Unifying Model of Physical Databases},
  journal = 	 {ACM Transactions on Database Systems},
  year = 	 {1982},
  OPTkey = 	 {},
  volume = 	 {7},
  number = 	 {4},
  pages = 	 {509-539},
  OPTmonth = 	 {},
  OPTnote = 	 {},
  OPTannote = 	 {}
}

@InProceedings{batoryConceptual,
  author = 	 {D. S. Batory},
  title = 	 {Conceptual-to-internal mappings in commercial database systems},
  OPTcrossref =  {},
  OPTkey = 	 {},
  booktitle = {Proceedings of the 3rd SIGACT-SIGMOD symposium on Principles of database systems},
  pages = 	 {70-78},
  year = 	 {1984},
  OPTeditor = 	 {},
  OPTvolume = 	 {},
  OPTnumber = 	 {},
  OPTseries = 	 {},
  OPTaddress = 	 {},
  OPTmonth = 	 {},
  OPTorganization = {},
  OPTpublisher = {},
  OPTnote = 	 {},
  OPTannote = 	 {}
}

@Misc{hibernate,
  OPTkey = 	 {},
  OPTauthor = 	 {},
  title = 	 {Hibernate: Relational Persistence for {J}ava and {.NET}},
  OPThowpublished = {},
  OPTmonth = 	 {},
  OPTyear = 	 {},
  note = 	 {http://www.hibernate.org/},
  OPTannote = 	 {}
}


@Article{lrvm,
  author = 	 {M. Satyanarayanan and Henry H. Mashburn and Puneet Kumar and David C. Steere and James J. Kistler},
  title = 	 {Lightweight recoverable virtual memory},
  journal = 	 {ACM Transactions on Computer Systems},
  year = 	 {1994},
  OPTkey = 	 {},
  volume = 	 {12},
  number = 	 {1},
  pages = 	 {33-57},
  month = 	 {Februrary},
  OPTnote = 	 {},
  OPTannote = 	 {}
}

@Article{genesis,
  author = 	 {D. S. Batory and J. R. Barnett and J. F. Garza and K. P. Smith and K. Tsukuda and B. C. Twichell and T. E. Wise},
  title = 	 {{GENESIS}: An Extensible Database Management System},
  journal = 	 {IEEE Transactions on Software Engineering},
  year = 	 {1988},
  OPTkey = 	 {},
  volume = 	 {14},
  number = 	 {11},
  pages = 	 {1711-1729},
  month = 	 {November},
  OPTnote = 	 {},
  OPTannote = 	 {}
}

@InProceedings{exodus,
  author = 	 {Michael J Carey and David J. DeWitt and Daniel Frank and Goetz Graefe and M. Muralikrishna and Joel Richardson and Eugene J. Shekita},
  title = 	 {The Architecture of the {EXODUS} Extensible {DBMS}},
  OPTcrossref =  {},
  OPTkey = 	 {},
  booktitle = {Proceedings on the 1986 international workshop on Object-oriented database systems},
  pages = 	 {52-65},
  year = 	 {1986},
  OPTeditor = 	 {},
  OPTvolume = 	 {},
  OPTnumber = 	 {},
  OPTseries = 	 {},
  OPTaddress = 	 {},
  OPTmonth = 	 {},
  OPTorganization = {},
  OPTpublisher = {},
  OPTnote = 	 {},
  OPTannote = 	 {}
}

@Article{codd,
  author = 	 {E. F. Codd},
  title = 	 {A relational model of data for large shared data banks},
  journal = 	 {Communications of the ACM},
  year = 	 {1970},
  OPTkey = 	 {},
  volume = 	 {13},
  number = 	 {6},
  pages = 	 {377-387},
  month = 	 {June},
  OPTnote = 	 {},
  OPTannote = 	 {}
}

@Article{starburst,
  author = 	 {Guy M. Lohman and Bruce Lindsay and Hamid Pirahesh and K. Bernhard Schiefer},
  title = 	 {Extensions to {S}tarburst: Objects, types, functions, and rules},
  journal = 	 {Communications of the ACM},
  year = 	 {1991},
  OPTkey = 	 {},
  volume = 	 {34},
  number = 	 {10},
  pages = 	 {95-109},
  month = 	 {October},
  OPTnote = 	 {},
  OPTannote = 	 {}
}

@Article{postgres,
  author = 	 {M. Stonebraker and Greg Kemnitz},
  title = 	 {The {POSTGRES} Next-Generation Database Management System},
  journal = 	 {Communications of the ACM},
  year = 	 {1991},
  OPTkey = 	 {},
  volume = 	 {34},
  number = 	 {10},
  pages = 	 {79-92},
  month = 	 {October},
  OPTnote = 	 {},
  OPTannote = 	 {}
}

@InProceedings{aries,
  author = 	 { C. Mohan and D. Haderle and B. Lindsay and H. Pirahesh and P Schwarz },
  title = 	 {{ARIES}, A Transaction Recovery Method Supporting Fine-Granularity Locking and Partial Rollbacks Using Write-Ahead Logging},
  OPTcrossref =  {},
  OPTkey = 	 {},
  booktitle = {ACM Transactions on Database Systems},
  pages = 	 {94-162},
  year = 	 {1992},
  OPTeditor = 	 {},
  volume = 	 {17},
  number = 	 {1},
  OPTseries = 	 {},
  OPTaddress = 	 {},
  OPTmonth = 	 {},
  OPTorganization = {},
  OPTpublisher = {},
  OPTnote = 	 {},
  OPTannote = 	 {}
}

@Book{ariesIM,
  author = 	 {C Mohan and F Levine},
  ALTeditor = 	 {},
  title = 	 {ARIES/IM: an efficient and high concurrency index management method using write-ahead logging},
  publisher = 	 {ACM Press},
  year = 	 {1992},
  OPTkey = 	 {},
  OPTvolume = 	 {},
  OPTnumber = 	 {},
  OPTseries = 	 {},
  OPTaddress = 	 {},
  OPTedition = 	 {},
  OPTmonth = 	 {},
  OPTnote = 	 {},
  OPTannote = 	 {}
}

